@phdthesis{tiSponge,
  author        = "K. Jun-Wan",
  title         = "Titanium sponge on Titanium Substrate",
  school        = "Case Western Reserve University",
  address       = "Cleveland",
  year          = "2005",
}

@electronic{cwruEncAlanod,
  author        = "R. S. Alwitt",
  title         = "Anodization",
  url           = "http://electrochem.cwru.edu/encycl/art-a02-anodizing.htm",
  month         = dec,
  year          = "2002"
}

@inproceedings{tiMinit,
  author        = "P. Huber and J. Bloxom",
  title         = "Titanium Printed Capacitors for Microminiturization",
  intype        = "presented at the",
  booktitle     = "IRE Transactions on the Component Parts",
  year          = "1961"
}

@inproceedings{tiCharHag,
  author        = "H. Hagiwara and A. Yamashita",
  title         = "Characteristics of Titanium Electrolytic Capacitors",
  booktitle     = "Proc. of the IEEE",
  year          = "1963",
  pages         = "1324"
}
